@article{samvelyan19smac,
	title = {{The} {StarCraft} {Multi}-{Agent} {Challenge}},
	author = {Mikayel Samvelyan and Tabish Rashid and Christian Schroeder de Witt and Gregory Farquhar and Nantas Nardelli and Tim G. J. Rudner and Chia-Man Hung and Philiph H. S. Torr and Jakob Foerster and Shimon Whiteson},
	journal = {CoRR},
	volume = {abs/1902.04043},
	year = {2019},
}

@incollection{NIPS2005_2951,
	title = {On Local Rewards and Scaling Distributed Reinforcement Learning},
	author = {Drew Bagnell and Andrew Y. Ng},
	booktitle = {Advances in Neural Information Processing Systems 18},
	editor = {Y. Weiss and B. Sch\"{o}lkopf and J. C. Platt},
	pages = {91--98},
	year = {2006},
	publisher = {MIT Press},
	url = {http://papers.nips.cc/paper/2951-on-local-rewards-and-scaling-distributed-reinforcement-learning.pdf}
}

@book{sutton2018reinforcement,
	title={Reinforcement learning: An introduction},
	author={Sutton, Richard S and Barto, Andrew G},
	year={2018},
	publisher={MIT press}
}

@inproceedings{foerster2018counterfactual,
	title={Counterfactual multi-agent policy gradients},
	author={Foerster, Jakob N and Farquhar, Gregory and Afouras, Triantafyllos and Nardelli, Nantas and Whiteson, Shimon},
	booktitle={Thirty-second AAAI conference on artificial intelligence},
	year={2018}
}